<record xmlns="http://www.loc.gov/MARC21/slim" xmlns:xsi="http://www.w3.org/2001/XMLSchema-instance" xsi:schemaLocation="http://www.loc.gov/MARC21/slim http://www.loc.gov/standards/marcxml/schema/MARC21slim.xsd"><leader>00679cz   2200193n  4500</leader><controlfield tag="001">oca00065372 </controlfield><controlfield tag="005">19850206071406.7</controlfield><controlfield tag="008">800613n| acannaab|          |a aaa |||  </controlfield><datafield ind1=" " ind2=" " tag="010"><subfield code="a">n  50030000 </subfield></datafield><datafield ind1=" " ind2=" " tag="040"><subfield code="a">DLC</subfield><subfield code="c">DLC</subfield><subfield code="d">DLC</subfield></datafield><datafield ind1="0" ind2=" " tag="100"><subfield code="a">Hadrian,</subfield><subfield code="c">Emperor of Rome,</subfield><subfield code="d">76-138.</subfield></datafield><datafield ind1="0" ind2=" " tag="400"><subfield code="a">Adrian,</subfield><subfield code="c">Emperor of Rome,</subfield><subfield code="d">76-138</subfield></datafield><datafield ind1="0" ind2=" " tag="400"><subfield code="a">Hadrianus,</subfield><subfield code="c">Emperor of Rome,</subfield><subfield code="d">76-138</subfield><subfield code="w">nna</subfield></datafield><datafield ind1="0" ind2=" " tag="400"><subfield code="a">Adriano,</subfield><subfield code="c">Emperor of Rome,</subfield><subfield code="d">76-138</subfield></datafield><datafield ind1="0" ind2=" " tag="400"><subfield code="a">Hadrien,</subfield><subfield code="c">Emperor of Rome,</subfield><subfield code="d">76-138</subfield></datafield><datafield ind1=" " ind2=" " tag="670"><subfield code="a">Collier's</subfield><subfield code="b">(Hadrian)</subfield></datafield><datafield ind1=" " ind2=" " tag="670"><subfield code="a">Encyc. Americana</subfield><subfield code="b">(Hadrian)</subfield></datafield><datafield ind1=" " ind2=" " tag="670"><subfield code="a">Tempio di Adriano, 1982:</subfield><subfield code="b">t.p. (Adriano)</subfield></datafield><datafield ind1=" " ind2=" " tag="670"><subfield code="a">Stierlin, H. Hadrien et l'architecture romaine, c1984:</subfield><subfield code="b">t.p. (Hadrien)</subfield></datafield></record>